<?xml version="1.0" encoding="utf-8"?>
<record xmlns="http://www.loc.gov/MARC21/slim" xmlns:xsi="http://www.w3.org/2001/XMLSchema-instance" xsi:schemaLocation="http://www.loc.gov/MARC21/slim http://www.loc.gov/standards/marcxml/schema/MARC21slim.xsd">
	<leader>
		02278nam a2200337   4500
	</leader>
	<controlfield tag="001">
		3062700
	</controlfield>
	<controlfield tag="003">
		NNC
	</controlfield>
	<controlfield tag="006">
		m        d        
	</controlfield>
	<controlfield tag="007">
		cr cn |||m|||a
	</controlfield>
	<controlfield tag="008">
		160223s1910    ua      o     000 0 ara d
	</controlfield>
	<datafield ind1=" " ind2=" " tag="040">
		<subfield code="a">
			NNU
		</subfield>
		<subfield code="b">
			eng
		</subfield>
		<subfield code="e">
			rda
		</subfield>
		<subfield code="c">
			NNU
		</subfield>
	</datafield>
	<datafield ind1="1" ind2=" " tag="100">
		<subfield code="6">
			880-01
		</subfield>
		<subfield code="a">
			Kāsānī, Abū Bakr ibn Masʻūd,
		</subfield>
		<subfield code="d">
			-1191.
		</subfield>
	</datafield>
	<datafield ind1="1" ind2="0" tag="245">
		<subfield code="6">
			880-02
		</subfield>
		<subfield code="a">
			Kitāb Bad̄iʻ al-ṣanāʼiʻ fī tartīb al-sharāʼiʻ /
		</subfield>
		<subfield code="c">
			taʼlīf ʻAlāʼ-al-Dīn Abī Bakr ibn Masʻūd al-Kāsānī al-Ḥanafī al-mulaqqab bi Malik-al-ʻUlamāʼ.
		</subfield>
	</datafield>
	<datafield ind1=" " ind2=" " tag="260">
		<subfield code="6">
			880-03
		</subfield>
		<subfield code="a">
			Miṣr :
		</subfield>
		<subfield code="b">
			Maṭbaʻat al-Jamālīyah,
		</subfield>
		<subfield code="c">
			1328 h., 1910 m.
		</subfield>
	</datafield>
	<datafield ind1=" " ind2=" " tag="300">
		<subfield code="a">
			online resource (7 volumes)
		</subfield>
	</datafield>
	<datafield ind1=" " ind2=" " tag="336">
		<subfield code="a">
			text
		</subfield>
		<subfield code="2">
			rdacontent
		</subfield>
	</datafield>
	<datafield ind1=" " ind2=" " tag="337">
		<subfield code="a">
			computer
		</subfield>
		<subfield code="2">
			rdamedia
		</subfield>
	</datafield>
	<datafield ind1=" " ind2=" " tag="338">
		<subfield code="a">
			online resource
		</subfield>
		<subfield code="2">
			rdacarrier
		</subfield>
	</datafield>
	<datafield ind1=" " ind2=" " tag="500">
		<subfield code="a">
			Commentary on Tuḥfat al-fuqahāʼ, by ʻAlāʼ al-Dīn al-Manṣūr Muḥammad ibn Aḥmad al-Samarqandī, d. 1145 (ca.).
		</subfield>
	</datafield>
	<datafield ind1=" " ind2=" " tag="500">
		<subfield code="a">
			Part of the Arabic Collections Online (ACO) project, contributed by Columbia University Libraries.
		</subfield>
	</datafield>
	<datafield ind1=" " ind2=" " tag="533">
		<subfield code="a">
			Electronic reproduction.
		</subfield>
		<subfield code="b">
			New York, N.Y. :
		</subfield>
		<subfield code="c">
			New York University,
		</subfield>
		<subfield code="d">
			2016.
		</subfield>
		<subfield code="5">
			NNU
		</subfield>
	</datafield>
	<datafield ind1=" " ind2="0" tag="650">
		<subfield code="a">
			Islamic law
		</subfield>
	</datafield>
	<datafield ind1="2" ind2=" " tag="710">
		<subfield code="a">
			Columbia University.
		</subfield>
		<subfield code="b">
			Libraries.
		</subfield>
	</datafield>
	<datafield ind1="0" ind2=" " tag="730">
		<subfield code="a">
			Arabic Collections Online.
		</subfield>
	</datafield>
	<datafield ind1="0" ind2="8" tag="776">
		<subfield code="i">
			Print version:
		</subfield>
		<subfield code="a">
			Kāsānī, Abū Bakr ibn Masʻūd, -1191.
		</subfield>
		<subfield code="t">
			Kitāb Bad̄iʻ al-ṣanāʼiʻ fī tartīb al-sharāʼiʻ
		</subfield>
		<subfield code="w">
			(NNC)3062700
		</subfield>
		<subfield code="w">
			(OCoLC)47735526
		</subfield>
	</datafield>
	<datafield ind1="4" ind2="0" tag="856">
		<subfield code="u">
			http://hdl.handle.net/2333.1/g79cnsc3
		</subfield>
	</datafield>
	<datafield ind1="1" ind2=" " tag="880">
		<subfield code="6">
			100-01/r
		</subfield>
		<subfield code="a">
			كاساني، ابو بكر بن مسعود،
		</subfield>
		<subfield code="d">
			-1191.
		</subfield>
	</datafield>
	<datafield ind1="1" ind2="0" tag="880">
		<subfield code="6">
			245-02/r
		</subfield>
		<subfield code="a">
			كتاب بدائع الصنائع في ترتيب الشرائع /
		</subfield>
		<subfield code="c">
			تأليف علاءالدين ابي بكر بن مسعود الكاساني الحنفي الملقب بملك العلماء.
		</subfield>
	</datafield>
	<datafield ind1=" " ind2=" " tag="880">
		<subfield code="6">
			260-03/r
		</subfield>
		<subfield code="a">
			مصر :
		</subfield>
		<subfield code="b">
			مطبعة الجمالية،
		</subfield>
		<subfield code="c">
			1328 ه.، 1910 م.
		</subfield>
	</datafield>
	<datafield ind1=" " ind2=" " tag="959">
		<subfield code="a">
			NNU
		</subfield>
		<subfield code="b">
			WEB
		</subfield>
		<subfield code="c">
			GENI
		</subfield>
		<subfield code="t">
			0
		</subfield>
		<subfield code="m">
			Electronic access
		</subfield>
		<subfield code="s">
			01
		</subfield>
	</datafield>
	<datafield ind1=" " ind2=" " tag="999">
		<subfield code="i">
			NNC_3062700
		</subfield>
		<subfield code="o">
			(OCoLC)ocm47735526
		</subfield>
		<subfield code="s">
			columbia_aco001592:v.1
		</subfield>
		<subfield code="s">
			columbia_aco001593:v.2
		</subfield>
		<subfield code="s">
			columbia_aco001594:v.3
		</subfield>
		<subfield code="s">
			columbia_aco001595:v.4
		</subfield>
		<subfield code="s">
			columbia_aco001596:v.5
		</subfield>
		<subfield code="s">
			columbia_aco001597:v.6
		</subfield>
		<subfield code="s">
			columbia_aco001598:v.7
		</subfield>
		<subfield code="e">
			(ERROR-880)
		</subfield>
		<subfield code="s">
			columbia_aco001592:v.1
		</subfield>
		<subfield code="s">
			columbia_aco001593:v.2
		</subfield>
		<subfield code="s">
			columbia_aco001594:v.3
		</subfield>
		<subfield code="s">
			columbia_aco001595:v.4
		</subfield>
		<subfield code="s">
			columbia_aco001596:v.5
		</subfield>
		<subfield code="s">
			columbia_aco001597:v.6
		</subfield>
		<subfield code="s">
			columbia_aco001598:v.7
		</subfield>
	</datafield>
</record>
